<?xml version="1.0" encoding="UTF-8"?>
<collection xmlns:xsi="http://www.w3.org/2001/XMLSchema-instance" xsi:schemaLocation="http://www.loc.gov/MARC21/slim http://www.loc.gov/standards/marcxml/schema/MARC21slim.xsd" xmlns="http://www.loc.gov/MARC21/slim">
<record>
  <leader>01379cam a22003131  4500</leader>
  <controlfield tag="001">2987085</controlfield>
  <controlfield tag="003">NNC</controlfield>
  <controlfield tag="005">20150920222914.0</controlfield>
  <controlfield tag="008">880818s1959    sy bh    b    000 0 ara d</controlfield>
  <datafield tag="035" ind1=" " ind2=" ">
    <subfield code="a">(OCoLC)ocm18370465</subfield>
  </datafield>
  <datafield tag="035" ind1=" " ind2=" ">
    <subfield code="9">ASN4385CU</subfield>
  </datafield>
  <datafield tag="035" ind1=" " ind2=" ">
    <subfield code="a">(NNC)2987085</subfield>
  </datafield>
  <datafield tag="035" ind1=" " ind2=" ">
    <subfield code="a">2987085</subfield>
  </datafield>
  <datafield tag="040" ind1=" " ind2=" ">
    <subfield code="a">CUY</subfield>
    <subfield code="c">CUY</subfield>
    <subfield code="d">ZCU</subfield>
  </datafield>
  <datafield tag="041" ind1="1" ind2=" ">
    <subfield code="a">ara</subfield>
    <subfield code="h">eng</subfield>
  </datafield>
  <datafield tag="099" ind1=" " ind2=" ">
    <subfield code="a">947.05</subfield>
    <subfield code="a">Ib5</subfield>
  </datafield>
  <datafield tag="100" ind1="1" ind2=" ">
    <subfield code="a">Ibn Faḍlān, Aḥmad,</subfield>
    <subfield code="d">active 922.</subfield>
  </datafield>
  <datafield tag="245" ind1="0" ind2="0">
    <subfield code="a">Risālat Ibn Faḍlān fī waṣf al-riḥlah ilā bilād al-Turuk wa-al-Khazar wa-al-Rūs wa-al-Saqālibah sanat 309/921.</subfield>
    <subfield code="c">Ḥaqqaqahā wa-ʾallaqa ʾalayhā wa-qaddama lahā Sāmī al-Dahhān.</subfield>
  </datafield>
  <datafield tag="260" ind1=" " ind2=" ">
    <subfield code="a">[Dimashq,]</subfield>
    <subfield code="b">al-Maṭbaʾah al-Hāshimīyah, [</subfield>
    <subfield code="c">1959]</subfield>
  </datafield>
  <datafield tag="300" ind1=" " ind2=" ">
    <subfield code="a">203 p.</subfield>
    <subfield code="b">maps, facsims.</subfield>
  </datafield>
  <datafield tag="490" ind1="1" ind2=" ">
    <subfield code="a">Maṭbūʾāt al-Majmaʾ al-ʾIlmī al-ʾArabī bi-Dimashq</subfield>
  </datafield>
  <datafield tag="500" ind1=" " ind2=" ">
    <subfield code="a">Translation of title: Ibn Faḍlānʾs treatise describing the journey to the lands of the Turks, Khazars, Russians and Slavs [in] the year 309/921. Edited, annotated and prefaced by Sāmī al-Dahhān.</subfield>
  </datafield>
  <datafield tag="504" ind1=" " ind2=" ">
    <subfield code="a">Bibliography: p. 199-203.</subfield>
  </datafield>
  <datafield tag="651" ind1=" " ind2="0">
    <subfield code="a">Middle East</subfield>
    <subfield code="x">Description and travel.</subfield>
  </datafield>
  <datafield tag="651" ind1=" " ind2="0">
    <subfield code="a">Asia, Central</subfield>
    <subfield code="x">Description and travel.</subfield>
  </datafield>
  <datafield tag="651" ind1=" " ind2="0">
    <subfield code="a">Soviet Union</subfield>
    <subfield code="x">Description and travel.</subfield>
  </datafield>
  <datafield tag="700" ind1="1" ind2=" ">
    <subfield code="a">Dahhān, Sāmī.</subfield>
  </datafield>
  <datafield tag="830" ind1=" " ind2="0">
    <subfield code="a">Maṭbūʼāt al-Majmaʼ al-ʼIlmī al-ʼArabī bi-Dimashq.</subfield>
  </datafield>
  <datafield tag="955" ind1=" " ind2=" ">
    <subfield code="b">0044030711</subfield>
    <subfield code="d">glx</subfield>
    <subfield code="e">947.05 Ib5</subfield>
  </datafield>
</record>
</collection>